<?xml version="1.0" encoding="UTF-8"?><collection xmlns="http://www.loc.gov/MARC21/slim"><record><leader>00533nam--2200181-i-4500</leader><controlfield tag="001">000039517</controlfield><controlfield tag="002">20161230</controlfield><controlfield tag="005">20161230201042</controlfield><controlfield tag="008">060222s1000------------r-----000-0-eng-d</controlfield><datafield ind1=" " ind2=" " tag="040"><subfield code="a">IFIN-HH</subfield></datafield><datafield ind1=" " ind2=" " tag="080"><subfield code="a">530.145:538.3</subfield></datafield><datafield ind1="1" ind2=" " tag="100"><subfield code="a">Rohrlich,F</subfield></datafield><datafield ind1="1" ind2="0" tag="245"><subfield code="a">Classical charged particles. foundations of their theory</subfield><subfield code="c">F. rohrlich</subfield></datafield><datafield ind1=" " ind2=" " tag="260"><subfield code="a">Reading, Mass</subfield><subfield code="b">Addison-wesley Publ.Co.,Inc</subfield><subfield code="c">1965</subfield></datafield><datafield ind1=" " ind2=" " tag="300"><subfield code="a">XIII+305 P</subfield></datafield><datafield ind1=" " ind2=" " tag="490"><subfield code="a">Addison-wesley Series In Advanced Physics</subfield></datafield><datafield ind1=" " ind2=" " tag="852"><subfield code="a">21816</subfield><subfield code="c">530.1</subfield></datafield><datafield ind1=" " ind2=" " tag="CAT"><subfield code="a">Sys</subfield><subfield code="c">20160209</subfield><subfield code="h">133129</subfield></datafield></record></collection>